% Encoding: ISO-8859-1
%este es el formato com�n de citar art�culos. El formato Bibtex facilita el trabajo.

@book{NI:2004,
  author    = {National Instruments}, 
  title     = {LabVIEW Graphical Programming Course},
  publisher = {National Instruments, Elizabeth Gregory, Malan Shiralkar, Harika Basana},
  year      = {2004},
  edition   = {4.6},
}

@Misc{DispLogicos,
  title     = {Dispositivos Lógicos Programables - La comunicación serie. URL: \url{http://perso.wanadoo.es/pictob/comserie.htm#conexion_de_un_microcontrolador_al_puerto_serie_del_pc}},
  owner     = {Wanadoo},
  timestamp = {2018.06.15},
  url       = {http://perso.wanadoo.es/pictob/comserie.htm#conexion_de_un_microcontrolador_al_puerto_serie_del_pc},
}

@book{Cisco:2006,
  author    = {Cisco Systems}, 
  title     = {Fundamentos de Redes Inalámbricas},
  publisher = {Pearson Educación, S.A.},
  year      = {2006},
  edition   = {1},
}

@book{DEI:2014,
  author    = {Real Academia de Ingeniería de España}, 
  title     = {Diccionario Español de Ingeniería},
  url = {\url{http://diccionario.raing.es/} (visitada el 13/11/2014)},
  year      = {2014},
  edition   = {1},
}

@Misc{US_SRM:2008,
  title     = {SISTEMAS DE RADIOCOMUNICACIONES MOVILES. URL: \url{https://personal.us.es/murillo/docente/radio/documentos/tema9.pdf}},
  owner     = {Juan José Murillo Fuentesl},
  timestamp = {2008.05.13},
  url       = {https://personal.us.es/murillo/docente/radio/documentos/tema9.pdf},
}

@book{Zigiotto:2008,
  author    = {Diego M. Zigiotto}, 
  title     = {Las mil y una curiosidades de Buenos Aires},
  publisher = {Grupo Norma},
  year      = {2008},
}

@book{US:2007,
  author    = {Juan José Murillo Fuentes}, 
  title     = {Fundamentos de Radiación y Radiocomunicación},
  publisher = {Departamento de Teoría de la Señal y Comunicaciones - Escuela Técnica Superior de Ingenieros / Universidad de Sevilla},
  year      = {2007},
  edition   = {1},
}

@Misc{WCK:2016,
  title     = {Wireless Connectivity Kit - Getting Started Guide. URL: \url{https://www.digi.com/resources/documentation/digidocs/pdfs/90001456-13.pdf}},
  owner     = {Digi International},
  timestamp = {2016.04},
  url       = {https://www.digi.com/resources/documentation/digidocs/pdfs/90001456-13.pdf},
}

@book{Digi:2016,
  author    = {Digi International}, 
  title     = {LabVIEW Graphical Programming Course},
  publisher = {National Instruments, Elizabeth Gregory, Malan Shiralkar, Harika Basana},
  year      = {2016},
  edition   = {4.6},
}

@ARTICLE{Brunete:2013,
  author = {A. Brunete and M. Hernando and E. Gambao},
  title = {Offline GA-based optimisation for heterogeneous modular multi-configurable
	chained micro-robots},
  journal = {Transactions on Mechatronics},
  year = {2013},
  volume = {18},
  pages = {578 - 585},
  number = {2},
  doi = {10.1109/TMECH.2012.2220560},
  owner = {alberto}
}
@Misc{google2018,
  title     = {Google. URL: \url{https://www.google.es} (visitada el 15/06/2018)},
  owner     = {alberto},
  timestamp = {2018.06.15},
  url       = {},
}

@Comment{jabref-meta: databaseType:bibtex;}
